@online{fe-guide,
    title     = {Napotki za piseanje diplomskih nalog in drugih tehničnih besedil,},
    url       = {http://lie.fe.uni-lj.si/Napotki_TehnicnaBesedila.pdf},
    year      = {2014},
    location  = {Ljubljana},
    publisher = {Fakulteta za elektrotehniko},
    urldate   = {2022-10-29},
    author    = {Boštjan Murovec}
}

@manual{vaje,
title     = {FIZIKA - Eksperimentalne maturitene vaje djakov G4A, G4B,},
year      = {2023},
location  = {Ljubljana},
publisher = {Vegova Ljubljana},
author    = {Rasto Snoj}
}

@online{lece,
title     = {Leča (optika) - Sestavljene leče,},
url       = {https://sl.wikipedia.org/wiki/Le%C4%8Da_(optika)#Sestavljene_le%C4%8De},
year      = {2024},
urldate   = {2024-02-17},
author  = {{sodelavci Wikipedia-je}}
}

@online{nihanje,
title     = {Nihanje,},
url       = {https://sl.wikipedia.org/wiki/Nihanje},
year      = {2024},
urldate   = {2024-02-18},
author  = {{sodelavci Wikipedia-je}}
}

@online{CGP-runway,
title = {The Simple Secret of Runway Digits,},
url = {https://www.youtube.com/watch?v=qD6bPNZRRbQ},
date = {2022-08-07},
urldate = {2024-02-24},
author = {CGPGrey}
}

@online{noaa,
title = {Magnetic Field Calculators,},
author = {NOAA},
url={https://www.ngdc.noaa.gov/geomag/calculators/magcalc.shtml#igrfwmm},
year = {2024},
urldate={2024-02-24}
}

@online{earth,
title = {Earth,},
url={https://en.wikipedia.org/wiki/Earth},
year      = {2024},
urldate   = {2024-03-26},
author  = {{sodelavci Wikipedia-je}}
}